@article{handley,
  title={Why the internet only just works},
  author={Mark Handley},
  journal={BT Technology Journal},
  volume={24},
  number={3},
  pages={119--129},
  year={2006},
  publisher={Springer},
  doi={10.1007/s10550-006-0084-z}
}

@inproceedings{sami,
 author = {Anders Lindgren and Avri Doria},
 title = {Experiences from deploying a real-life DTN system},
 booktitle = {Proceedings of the Fourth IEEE Consumer Communications and Networking Conference},
 pages = {217-221},
 year = {2007},
 isbn = {978-1-4244-0667-6},
 address = {Las Vegas, Nevada, USA},
 publisher = {IEEE},
 doi={10.1109/ccnc.2007.50}
} 